@article{watrous2009zero,
  title={Zero-knowledge against quantum attacks},
  author={Watrous, John},
  journal={SIAM Journal on Computing},
  volume={39},
  number={1},
  pages={25--58},
  year={2009},
  publisher={SIAM}
}

@book{kaye2007introduction,
  title={An introduction to quantum computing},
  author={Kaye, Phillip and Laflamme, Raymond and Mosca, Michele and others},
  year={2007},
  publisher={Oxford university press}
}

